@book{salvat2008videojuegos,
  title={Videojuegos y aprendizaje},
  author={Salvat, Bego{\~n}a Gros and Pampols, Carles Feixa and D{\'\i}az, Pilar Lacasa and Bol{\'o}s, Alejandro Catal{\`a} and Zaballos, Laura M{\'e}ndez and Mart{\'\i}nez, Javier Ja{\'e}n and i Mir{\'o}, Xavier Vilella and {\'A}lvarez, M Luisa Lamaz{\'a}n and S{\'a}nchez, Isidro Moreno and Borda, Rut Mart{\'\i}nez and others},
  volume={245},
  year={2008},
  publisher={Grao}
}

@inproceedings{sanchez2008videojuegos,
	title={Videojuegos constructivos y aprendizaje participativo},
	author={S{\'a}nchez, Isidro Moreno},
	booktitle={Videojuegos y aprendizaje},
	pages={73--92},
	year={2008},
	organization={Gra{\'o}}
}

@article{dominguez2012que,
	title={?` Qu{\'e} aprendo con videojuegos? Una perspectiva de meta-aprendizaje del videojugador.},
	author={Dom{\'\i}nguez, Francisco Ignacio Revuelta and Antequera, Jorge Guerra}
}

@book{ruiz2012aprendiendo,
	title={Aprendiendo con videojuegos. Jugar es pensar dos veces},
	author={Ruiz D{\'a}vila, M. and D{\'\i}az Tejero, B. and Montero Pascual, E.},
	isbn={9788436955491},
	series={Educaci{\'o}n hoy},
	url={https://books.google.com.mx/books?id=MmJBAwAAQBAJ},
	year={2012},
	publisher={Ministerio de Educaci{\'o}n, Cultura y Deporte. {\'A}rea de Educaci{\'o}n}
}

@article{diaz2005videojuegos,
	title={Los videojuegos y su capacidad did{\'a}ctico-formativa},
	author={D{\'\i}az, Ver{\'o}nica Mar{\'\i}n and Garc{\'\i}a, Mar{\'\i}a Dolores},
	journal={Pixel-Bit: Revista de medios y educaci{\'o}n},
	number={26},
	pages={113--119},
	year={2005},
	publisher={Secretariado de Recursos Audiovisuales y Nuevas Tecnolog{\'\i}as}
}

@book{audio,
	title={La comunicación audiovisual y su integración en el currículo},
	author={COROMINAS A.}, 
	year={1994}
	organization={Gra{\'o}}
}

@book{Nintendo,
	title={Beyond Nintendo: design and assessment of Educational videogames for first and second grade students},
	author={ROSAS, R. Y OTROS},
	year={2003},
	organization={Computers & Education}
}

@book{aoizu,
	title={Hardware gimmick or cultural innovation?. Technological cultural and social foundations of the Japanese videogames industry},
	author={AOYAMA, Y. E IZUSHI, H.},
	year={2003},
}

@conference { GRECTPPR-022840,
	title = {La utilizaci{\'o}n did{\'a}ctica de los multimedia distribuidos},
	booktitle = {I Simposio Iberoamericano sobre Redes de Comunicaci{\'o}n para la Educaci{\'o}n},
	year = {1996},
	author = {Cabero, J. and Salinas, J.},
	url={http://www.uib.es/depart/gte/calvo.html}
}

@article{anderson2000video,
	title={Video games and aggressive thoughts, feelings, and behavior in the laboratory and in life.},
	author={Anderson, Craig A and Dill, Karen E},
	journal={Journal of personality and social psychology},
	volume={78},
	number={4},
	pages={772},
	year={2000},
	publisher={American Psychological Association}
}

@article{kirsh2003effects,
	title={The effects of violent video games on adolescents: The overlooked influence of development},
	author={Kirsh, Steven J},
	journal={Aggression and violent behavior},
	volume={8},
	number={4},
	pages={377--389},
	year={2003},
	publisher={Elsevier}
}

@article{salvat2002nuevos,
	title={Nuevos medios para nuevas formas de aprendizaje: el uso de los videojuegos en la ense{\~n}anza.},
	author={Salvat, Bego{\~n}a Gros},
	journal={Red digital: Revista de Tecnolog{\'\i}as de la Informaci{\'o}n y Comunicaci{\'o}n Educativas},
	number={3},
	pages={6},
	year={2002},
	publisher={Centro nacional de informaci{\'o}n y comunicaci{\'o}n educativa}
}

@article{rana2003microciberjuegos,
	title={Los microciberjuegos y el aprendizaje de las ciencias sociales: el mundo Java},
	author={Ra{\~n}a, Juan Carlos},
	year={2003},
	publisher={Revista electr{\'o}nica de investigaci{\'o}n y evaluaci{\'o}n educativa}
}

@article{etche,
	title={Videojuegos y educación. Teoría y Educación},
	url={http://www3.usal.es/~teoria_educacion/rev_numero_02/n2_art_etxeberria.htm},
	author={ETXEBERRIA, F},
	year={1998}
}

@article{funk1993reevaluating,
	title={Reevaluating the impact of video games},
	author={Funk, Jeanne B},
	journal={Clinical Pediatrics},
	volume={32},
	number={2},
	pages={86--90},
	year={1993},
	publisher={Sage Publications}
}

@article{mcfa,
	author={MCFARLANE, A.; PARROWHOWK, A. Y HELAD, Y.},
	year={2002},
	title={Report on the Educational use of games},
	url={http://www.team.org.uk}
}

@article{marti1994videojuegos,
	title={Videojuegos, personalidad y conducta},
	author={Mart{\'\i}, Juan Alberto Estallo},
	journal={Psicothema},
	volume={6},
	number={2},
	pages={181--190},
	year={1994}
}

@misc{population,
	title={2013 State of Online Gaming Report},
	year={2013},
	howpublished={http://auth-83051f68-ec6c-44e0-afe5-bd8902acff57.cdn.spilcloud.com/v1/archives/1384952861.25_State_of_Gaming_2013_US_FINAL.pdf}
}

@MISC{juegoycine,
	author={Joel Castillo},
	title={Un estudio indica que los videojuegos tienen más inlfuencia sobre el usuario que el cine},
	year={2016},
	howpublished={\url{ http://www.alfabetajuega.com/noticia/un-estudio-indica-que-los-videojuegos-tienen-mas-influencia-sobre-el-usuario-que-el-cine-n-66990}},
	note={ACCEDIDO: 14-05-2016}
}

@MISC{juegosviolencia,
	author={Tom Jacobs},
	title={Violent Video Games and Bad Behavor:The Evidence Mounts},
	year={2014},
	note={URL: https://psmag.com/violent-video-games-and-bad-behavior-the-evidence-mounts-32e602c58527#.ilhs6xbpt. ACCEDIDO: 14-05-2016}
}

@MISC{juegocuidado,
	author={Rossie Ibarra Concha},
	title={Influencia de los videojuegos en los niños},
	year={2013},
	note={URL: http://www.uda.cl/index.php?option=com_content&view=article&id=235:influencia-de-los-videojuegos-en-los-ninos&catid=15&Itemid=277. ACCEDIDO: 14-05-2016}
}

@MISC{tiposgamer,
	author={Sebasti{\´\a}n Garc{\´\i}a Garc{\´\i}a},
	title={¿Qué es un gamer?},
	year={2013},
	note={URL: http://queaprendemoshoy.com/que-es-un-gamer/. ACCEDIDO: 14-05-2016}
}
